@Manual{R2022language,
    title = {R: A Language and Environment for Statistical Computing},
    author = {{R Core Team}},
    organization = {R Foundation for Statistical Computing},
    address = {Vienna, Austria},
    year = {2022},
    url = {https://www.R-project.org/},
}

@Manual{Friendly2021Lahman,
    title = {{Lahman: Sean 'Lahman' Baseball Database}},
    author = {Michael Friendly and Chris Dalzell and Martin Monkman and Dennis Murphy},
    year = {2021},
    note = {R package version 9.0-0},
    url = {https://CRAN.R-project.org/package=Lahman},
}


@Manual{BBHOF1869,
    title = {PRO BASEBALL BEGAN IN CINCINNATI IN 1869},
    author = {Matt Rothenberg},
    url = {https://baseballhall.org/discover/pro-baseball-began-in-cincinnati-in-1869#:~:text=The%20Cincinnati%20Red%20Stockings%20made,professional%20baseball%20club%20in%201869.},
}

@Manual{Bref,
    title = {},
    author = {},
    url = {https://www.baseball-reference.com/bullpen/History_of_baseball_in_the_United_States},
}


https://sabr.org/journal/article/the-rise-and-fall-of-the-deadball-era/


  


@article{Albert1992bayesian,
  doi = {10.2307/2685306},
  url = {https://doi.org/10.2307/2685306},
  year = {1992},
  month = nov,
  publisher = {{JSTOR}},
  volume = {46},
  number = {4},
  pages = {246},
  author = {Jim Albert},
  title = {A Bayesian Analysis of a Poisson Random Effects Model for Home Run Hitters},
  journal = {The American Statistician}
}

@article{Schulz1994relationship,
	doi = {10.1037/0882-7974.9.2.274},
	url = {https://doi.org/10.1037/0882-7974.9.2.274},
	year = 1994,
	publisher = {American Psychological Association},
	volume = {9},
	number = {2},
	pages = {274--286},
	author = {Richard Schulz and Donald Musa and James Staszewski and Robert S. Siegler},
	title = {The relationship between age and major league baseball performance: Implications for development.},
	journal = {Psychology and Aging}
}

@article{Berry1999bridging,
  doi = {10.1080/01621459.1999.10474163},
  url = {https://doi.org/10.1080/01621459.1999.10474163},
  year = {1999},
  month = sep,
  publisher = {Informa {UK} Limited},
  volume = {94},
  number = {447},
  pages = {661--676},
  author = {Scott M. Berry and C. Shane Reese and Patrick D. Larkey},
  title = {Bridging Different Eras in Sports},
  journal = {Journal of the American Statistical Association}
}

@article{Albert1999comment,
  doi = {10.2307/2669974},
  url = {https://doi.org/10.2307/2669974},
  year = {1999},
  month = sep,
  publisher = {{JSTOR}},
  volume = {94},
  number = {447},
  pages = {677},
  author = {Jim Albert},
  title = {Bridging Different Eras in Sports: Comment},
  journal = {Journal of the American Statistical Association}
}


@Article{Bates2015lme4,
    title = {Fitting Linear Mixed-Effects Models Using {lme4}},
    author = {Douglas Bates and Martin M{\"a}chler and Ben Bolker and Steve Walker},
    journal = {Journal of Statistical Software},
    year = {2015},
    volume = {67},
    number = {1},
    pages = {1--48},
    doi = {10.18637/jss.v067.i01},
}

@book{Gelman2006data,
	doi = {10.1017/cbo9780511790942},
	url = {https://doi.org/10.1017/cbo9780511790942},
	year = 2006,
	month = {dec},
	publisher = {Cambridge University Press},
	author = {Andrew Gelman and Jennifer Hill},
	title = {Data Analysis Using Regression and Multilevel/Hierarchical Models}
}


@book{marchi2018analyzing,
  title={Analyzing baseball data with {R}},
  author={Marchi, Max and Albert, Jim and Baumer, Benjamin S.},
  year={2018},
  pages={83},
  edition={2},
  publisher={Boca Raton, FL: Chapman and Hall/CRC Press},
  doi={10.1201/9781351107099},
  isbn={9781351107099},
  url={https://www.taylorfrancis.com/books/mono/10.1201/9781351107099/analyzing-baseball-data-max-marchi-jim-albert-benjamin-baumer}
}

@misc{Lahman2021baseball,
  author = {Sean Lahman},
  title  = {Lahman{'}s baseball database},
	howpublished = {SeanLahman.com},
	url={https://www.seanlahman.com/baseball-archive/statistics/},
	year = {2021}
}


@book{Rubin1987multiple,
	doi = {10.1002/9780470316696},
	url = {https://doi.org/10.1002/9780470316696},
	year = 1987,
	month = {jun},
	publisher = {John Wiley {\&} Sons, Inc.},
	editor = {Donald B. Rubin},
	title = {Multiple Imputation for Nonresponse in Surveys}
}

@book{Vanbuuren1999flexible,
 author = {Stef {van Buuren} and Karin Groothuis-Oudshoorn},
 publisher = {Leiden: TNO Prevention; Health},
 title = {Flexible Multivariate Imputation by MICE},
 volume = {PG/VGZ/99.054},
 year = {1999}
}

@Article{vanBuuren2011mice,
    title = {{mice}: Multivariate Imputation by Chained Equations in {R}},
    author = {Stef {van Buuren} and Karin Groothuis-Oudshoorn},
    journal = {Journal of Statistical Software},
    year = {2011},
    volume = {45},
    number = {3},
    pages = {1-67},
    doi = {10.18637/jss.v045.i03},
}

@book{Little1987statistical,
  title={Statistical Analysis With Missing Data},
  author={Little, Roderick J. A. and Rubin, Donald B.},
  isbn={9780471802549},
  lccn={86019075},
  series={Wiley Series in Probability and Statistics},
  year={1987},
  publisher={Wiley}
}

@article{Rubin1976inference,
  doi = {10.1093/biomet/63.3.581},
  url = {https://doi.org/10.1093/biomet/63.3.581},
  year = {1976},
  publisher = {Oxford University Press},
  volume = {63},
  number = {3},
  pages = {581--592},
  author = {Donald B. Rubin},
  title = {Inference and missing data},
  journal = {Biometrika}
}

@article{Rao2021modern,
  doi = {10.1002/sta4.331},
  url = {https://doi.org/10.1002/sta4.331},
  year = {2021},
  month = feb,
  publisher = {Wiley},
  volume = {10},
  number = {1},
  author = {Aniruddha Rajendra Rao and Matthew Reimherr},
  title = {Modern multiple imputation with functional data},
  journal = {Stat}
}

@article{He2011functional,
  doi = {10.1002/sim.4201},
  url = {https://doi.org/10.1002/sim.4201},
  year = {2011},
  month = feb,
  publisher = {Wiley},
  volume = {30},
  number = {10},
  pages = {1137--1156},
  author = {Yulei He and Recai Yucel and Trivellore E. Raghunathan},
  title = {A functional multiple imputation approach to incomplete longitudinal data},
  journal = {Statistics in Medicine}
}


@article{Groothius2017,
  year = {2017},
  volume = {18},
  number = {6},
  pages = {622-637},
  author = {Peter A. Groothius and Kurt W. Rotthoff and Mark C. Strazicich},
  title = {Structural Breaks in the Game: The Case of Major League Baseball},
  journal = {Journal of Sports Economics}
}


@Manual{hdbinseg,
    title = {hdbinseg: Change-Point Analysis of High-Dimensional Time Series via Binary
Segmentation},
    author = {Haeran Cho and Piotr Fryzlewicz},
    year = {2018},
    note = {R package version 1.0.1},
    url = {https://CRAN.R-project.org/package=hdbinseg},
  }


@article{Nieswiadomy2012,
  year = {2012},
  volume = {8},
  number = {3},
  author = {Nieswiadomy, M. L., Strazicich, M. C., & Clayton, S.},
  title = {Was there a structural break in Barry Bonds’s Bat?},
  journal = {Journal of Quantitative Analysis in Sports}
}

@article{PalaciosHuerta2004,
  year = {2004},
  volume = {12},
  pages = {241–258},
  author = {Palacios-Huerta I.},
  title = {Structural changes during a Century of the World’s most popular sport.},
  journal = {Statistical Methods and Applications}
}



@article{Cho2016,
  year = {2016},
  volume = {10},
  pages = {2000–2038.},
  author = {H. Cho},
  title = {Change-point detection in panel data via double CUSUM statistic.},
  journal = {Electronic Journal of Statistics}
}

@article{ChoFryzlewwicz2014,
  year = {2014},
  volume = {77},
  pages = {475–507},
  author = {H. Cho and P. Fryzlewicz },
  title = {Multiple-change-point detection for high dimensional time series via sparsified binary segmentation.},
  journal = {JRSSB}
}


@article{LeeFort2005,
  year = {2005},
  volume = {43},
  number = {1},
  pages = {158-169},
  author = {Lee Y. H. and Fort R.},
  title = {Structural Change in MLB Competitive Balance: The Depression, Team Location, and Integration},
  journal = {Economic Inquiry}
}


@article{FortLee2007,
  year = {2007},
  volume = {45},
  number = {3},
  pages = {519-532},
  author = {Fort R., Lee Y. H.},
  title = {Structural change, competitive balance, and the rest of the major leagues},
  journal = {Economic Inquiry}
}



@article{FortLee2006,
  year = {2006},
  volume = {7},
  pages = {408-415},
  author = {Fort R., Lee Y. H.},
  title = {Stationarity and major league baseball attendance analysis},
  journal = {Journal of Sports Economics}
}


@article{Woltring2018,
  year = {2018},
  author = {Woltring, M., Rost, J., and Jubenville, C.},
  title = {Examining Perceptions of Baseball’s Eras: A Statistical Comparison},
  journal = {The Sport Journal}, 
  url = {https://thesportjournal.org/article/examining-perceptions-of-baseballs-eras/}
}



@article{Jordan2020,
  year = {2020},
  author = {Jordan, D. J.},
  title = {Eras of ERA},
  journal = {The Sport Journal}, 
  url = {https://thesportjournal.org/article/eras-of-era/}
}



 


The Mitchell Report : the illegal use of steroids in major league baseball : hearing before the Committee on Oversight and Government Reform, House of Representatives, One Hundred Tenth Congress, second session, January 15, 2008.
United States. Congress. House. Committee on Oversight and Government Reform.
KF27 .G6 110th
